@online{smartphone,
  author = {TheSnugg.com},
  title = {A Brief History of Smartphones},
  year = 2014,
  url = {http://www.thesnugg.com/a-brief-history-of-smartphones.aspx},
  urldate = {2017-02-23}
}